<?xml version="1.0" encoding="UTF-8"?><collection xmlns="http://www.loc.gov/MARC21/slim"><record><leader>00480nam--2200181-i-4500</leader><controlfield tag="001">000019980</controlfield><controlfield tag="002">20161230</controlfield><controlfield tag="005">20161230201033</controlfield><controlfield tag="008">060222s1000------------r-----000-0-eng-d</controlfield><datafield ind1=" " ind2=" " tag="040"><subfield code="a">IFIN-HH</subfield></datafield><datafield ind1=" " ind2=" " tag="080"><subfield code="a">538.9</subfield></datafield><datafield ind1="1" ind2=" " tag="100"><subfield code="a">Ciobanu, Gh</subfield></datafield><datafield ind1=" " ind2=" " tag="245"><subfield code="a">Fizica starii solide</subfield><subfield code="b">Vol. 1</subfield><subfield code="c">Gh. ciobanu; c. constantinescu</subfield></datafield><datafield ind1=" " ind2=" " tag="260"><subfield code="a">Bucuresti</subfield><subfield code="b">Editura Tehnica</subfield><subfield code="c">1982</subfield></datafield><datafield ind1="1" ind2=" " tag="700"><subfield code="a">Constantinescu, C</subfield></datafield><datafield ind1=" " ind2=" " tag="787"><subfield code="a">Vol. 1</subfield><subfield code="h">238 P</subfield></datafield><datafield ind1=" " ind2=" " tag="852"><subfield code="a">49873</subfield><subfield code="c">539.2</subfield></datafield><datafield ind1=" " ind2=" " tag="CAT"><subfield code="a">Sys</subfield><subfield code="c">20121105</subfield><subfield code="h">103624</subfield></datafield></record></collection>